<?xml version="1.0" encoding="UTF-8"?><collection xmlns="http://www.loc.gov/MARC21/slim"><record><leader>00327nam--2200133-i-4500</leader><controlfield tag="001">000043704</controlfield><controlfield tag="002">20161230</controlfield><controlfield tag="005">20161230201044</controlfield><controlfield tag="008">060222s1000------------r-----000-0-eng-d</controlfield><datafield ind1=" " ind2=" " tag="080"><subfield code="a">621.315.61:537.226=03.82=20</subfield></datafield><datafield ind1=" " ind2=" " tag="100"><subfield code="a">Tareev,B</subfield></datafield><datafield ind1=" " ind2=" " tag="245"><subfield code="a">Physics of dielectric materials</subfield></datafield><datafield ind1=" " ind2=" " tag="260"><subfield code="a">Moscow, Mir Publ.,1979</subfield></datafield><datafield ind1=" " ind2=" " tag="852"><subfield code="a">48035</subfield></datafield></record></collection>